@article{12345,
  title={Period Three Implies Chaos},
  author={Tien-Yien Li,J.A.Yorke},
  journal={美国数学月刊},
  year={1975},
}

@book{67890,
  title={数学分析教程 第三版},
  author={常庚哲,史济怀},
  volume={1},
  pages={114--121},
  year={2012},
  publisher={中国科学技术大学出版社}
}


@article{li1975,
    author = {Tien-Yien Li and James A. Yorke},
    title = {Period Three Implies Chaos},
    journal = {The American Mathematical Monthly},
    volume = {82},
    number = {10},
    pages = {985-992},
    year = {1975},
    month = {dec},
}

@article{sharkovsky1964,
    author = {A. N. Sharkovsky},
    title = {Coexistence of Cycles of Continuous Mapping of the Line into Itself},
    journal = {Ukrainian Mathematical Journal},
    volume = {16},
    pages = {61-71},
    year = {1964},
}
